% Encoding: UTF-8

@Conference{emelyanova_fralenko,
  author    = {Емельянова Ю. Г., Фраленко В. П.},
  title     = {Анализ проблем и перспективы создания интеллектуальной системы обнаружения и предотвращения сетевых атак на облачные вычисления},
  booktitle = {Программные системы: теория и приложения : электрон. научн. журн.},
  year      = {2011},
  language  = {russian},
  pages     = {17-31},
  url       = {http://psta.psiras.ru/read/psta2011_4_17-31.pdf},
  owner     = {fantom},
  timestamp = {2018-01-08},
}

@InProceedings{Joy2015,
  author    = {Ann Mary Joy},
  title     = {Performance comparison between Linux containers and virtual machines},
  booktitle = {2015 International Conference on Advances in Computer Engineering and Applications},
  year      = {2015},
  language  = {russian},
  publisher = {{IEEE}},
  month     = {mar},
  doi       = {10.1109/icacea.2015.7164727},
}

@Online{lxc_doc,
  title     = {LXC -- механизм виртуализации. Сведения об установке и настройке.},
  year      = {2018},
  url       = {http://xgu.ru/wiki/LXC},
  language  = {russian},
  urldate   = {2018-01-08},
  timestamp = {2018-01-08},
}

@PhdThesis{rajan,
  author   = {Rajan, Sriram},
  title    = {Intrusion Detection and the Use of Deception Systems},
  year     = {2003},
  language = {russian},
  url      = {https://www.researchgate.net/publication/36442979_Intrusion_Detection_and_the_Use_of_Deception_Systems},
}

@Online{honeynet,
  title    = {The Honeynet project},
  url      = {https://www.honeynet.org/project},
  language = {russian},
  urldate  = {2018-01-08},
}

@Online{kaspersky,
  title    = {Amount of malware targeting smart devices more than doubled in 2017},
  year     = {2017},
  date     = {2017-06-19},
  url      = {https://www.kaspersky.com/about/press-releases/2017_amount-of-malware-targeting-smart-devices-more-than-doubled-in-2017},
  language = {russian},
  urldate  = {2018-01-08},
}

@Article{Kotenko2014,
  author    = {Kotenko and Stepashkin},
  title     = {Deception systems for protection of information resources in computer networks},
  journal   = {{SPIIRAS} Proceedings},
  year      = {2014},
  language  = {russian},
  volume    = {1},
  number    = {2},
  month     = {mar},
  pages     = {211},
  doi       = {10.15622/sp.2.16},
  publisher = {{SPIIRAS}},
}

@InCollection{Hernacki2004,
  author    = {Brian Hernacki and Jeremy Bennett and Thomas Lofgren},
  title     = {Symantec Deception Server Experience with a Commercial Deception System},
  booktitle = {Lecture Notes in Computer Science},
  year      = {2004},
  publisher = {Springer Berlin Heidelberg},
  pages     = {188--202},
  doi       = {10.1007/978-3-540-30143-1_10},
}

@Article{Boettiger2015,
  author    = {Carl Boettiger},
  title     = {An introduction to Docker for reproducible research},
  journal   = {{ACM} {SIGOPS} Operating Systems Review},
  year      = {2015},
  language  = {russian},
  volume    = {49},
  number    = {1},
  month     = {jan},
  pages     = {71--79},
  doi       = {10.1145/2723872.2723882},
  publisher = {Association for Computing Machinery ({ACM})},
}

@InProceedings{Peskova2014,
  title={Использование обманных систем для защиты локальной сети организации от внешних угроз},
  author={Пескова, Ольга Юрьевна and Шериева, Виктория Михайловна},
  booktitle={Материалы научной конференции" Интернет и современное общество"},
  pages={30--34},
  year={2014},
  language  = {russian}
}

@Article{Fedorenkov2015WebSocket,
  title={Интерактивный веб-сервис WebSocket},
  author={Федоренков, РВ and Ничушкина, ТН},
  journal={Инженерный вестник},
  number={1},
  pages={3--3},
  year={2015},
  language = {russian},
  publisher={федеральное государственное бюджетное образовательное учреждение высшего образования" Московский государственный технический университет имени НЭ Баумана (национальный исследовательский университет)"}
}

@Article{NSGA2002,
  author    = {K. Deb and A. Pratap and S. Agarwal and T. Meyarivan},
  title     = {A fast and elitist multiobjective genetic algorithm: {NSGA}-{II}},
  journal   = {{IEEE} Transactions on Evolutionary Computation},
  year      = {2002},
  language  = {{russian}},
  volume    = {6},
  number    = {2},
  month     = {apr},
  pages     = {182--197},
  doi       = {10.1109/4235.996017},
  publisher = {Institute of Electrical and Electronics Engineers ({IEEE})},
}

@Comment{jabref-meta: databaseType:biblatex;}
